 @article{1,
	AUTHOR = "Wikipedia",
	TITLE = "Google --- {W}ikipedia{,} The Free Encyclopedia",
	URL = "https://en.m.wikipedia.org/wiki/Google",
	YEAR = 2018,
	NOTE = "[Online; accessed 09-03-2018]" 
}

@article{2,
AUTHOR = "Wikipedia",
TITLE = "Google Maps",
URL = "https://en.m.wikipedia.org/wiki/Google\_Maps",
YEAR = 2018,
NOTE = "[Online; accessed 09-03-2018]"
}


@article{3,
AUTHOR = "TutorialsPoint",
TITLE = "Google Maps - Getting Started",
URL = "https://www.tutorialspoint.com/google\_maps/google\_maps\_getting\_started.htm",
YEAR = 2018,
NOTE = "[Online; accessed 09-03-2018]"
}

@article{4,
AUTHOR = "Google",
TITLE = "Introduction to Google Maps API",
URL = "https://developers.google.com/maps/documentation/android-api/intro",
YEAR = 2018,
NOTE = "[Online; accessed 09-03-2018]"
}

@article{5,
AUTHOR = "Google",
TITLE = "Find the right API",
URL = "https://developers.google.com/maps/get-started/",
YEAR = 2018,
NOTE = "[Online; accessed 09-03-2018]"
}